@Book{Ferret200412, 
title={Savoirs et Techniques de restaurant, tome 1 : Un savoir professionnel pour un service de qualit√©...},
author={Christian Ferret},
publisher={Editions BPI},
year={2004},
month={12},
isbn={9782857083849},
url={http://amazon.fr/o/ASIN/285708384X/},
price={EUR 31,20},
totalpages={400},
timestamp={2014.01.26},
}

@PhDThesis{Martinez200601,
title = {Socially-Aware Robot Navigation: combining Risk Assessment and Social Conventions},
author = {Jorge Alberto Rios Martinez},
school = {LIG- INRIA Rhone-Alpes et EDMSTII},
year = {2006}}

@Article{followLeader,
title = {Navigating in Populated Environments by Following a Leader},
author = {Procopio Stein, Vitor Santos, Anne Spalanzani et Christian Laugier},
journal = {},
year = {},
month = {}}